@inproceedings{lemhadri2021lassonet,
  author    = {Ismael Lemhadri and Feng Ruan and Rob Tibshirani},
  title     = {LassoNet: Neural Networks with Feature Sparsity},
  booktitle = {Proceedings of the International Conference on Artificial Intelligence and Statistics (AISTATS)},
  pages     = {10--18},
  year      = {2021},
  publisher = {PMLR}
}
@article{yasuda2023,
  title={Sequential Attention for Feature Selection},
  author={Yasuda, Taisuke and Bateni, MohammadHossein and others},
  journal={International Conference on Learning Representations (ICLR)},
  year={2023}
}
